<?xml version="1.0" encoding="UTF-8"?><record xmlns="http://www.loc.gov/MARC21/slim" xmlns:cinclude="http://apache.org/cocoon/include/1.0" xmlns:zs="http://www.loc.gov/zing/srw/">
  <leader>01425cz  a2200313n  4500</leader>
  <controlfield tag="001">n  79070543 </controlfield>
  <controlfield tag="003">DLC</controlfield>
  <controlfield tag="005">20140730073723.0</controlfield>
  <controlfield tag="008">790709n| azannaabn          |b aaa      </controlfield>
  <datafield tag="010" ind1=" " ind2=" ">
    <subfield code="a">n  79070543 </subfield>
  </datafield>
  <datafield tag="035" ind1=" " ind2=" ">
    <subfield code="a">(OCoLC)oca00303352</subfield>
  </datafield>
  <datafield tag="040" ind1=" " ind2=" ">
    <subfield code="a">DLC</subfield>
    <subfield code="b">eng</subfield>
    <subfield code="c">DLC</subfield>
    <subfield code="d">WaBeW</subfield>
    <subfield code="d">InU</subfield>
    <subfield code="d">WaBeW</subfield>
    <subfield code="d">DLC</subfield>
    <subfield code="e">rda</subfield>
    <subfield code="d">WaBeW</subfield>
  </datafield>
  <datafield tag="046" ind1=" " ind2=" ">
    <subfield code="f">1930</subfield>
  </datafield>
  <datafield tag="100" ind1="0" ind2=" ">
    <subfield code="a">Dashzhamt︠s︡, Dulamyn,</subfield>
    <subfield code="d">1930-</subfield>
  </datafield>
  <datafield tag="370" ind1=" " ind2=" ">
    <subfield code="a">Khėntiĭ Aĭmag (Mongolia)</subfield>
    <subfield code="c">Mongolia</subfield>
  </datafield>
  <datafield tag="372" ind1=" " ind2=" ">
    <subfield code="a">Philosophy, Mongolian</subfield>
    <subfield code="a">History</subfield>
  </datafield>
  <datafield tag="374" ind1=" " ind2=" ">
    <subfield code="a">Philosophers</subfield>
    <subfield code="a">Historians</subfield>
  </datafield>
  <datafield tag="375" ind1=" " ind2=" ">
    <subfield code="a">male</subfield>
  </datafield>
  <datafield tag="377" ind1=" " ind2=" ">
    <subfield code="a">mon</subfield>
    <subfield code="a">rus</subfield>
  </datafield>
  <datafield tag="400" ind1="0" ind2=" ">
    <subfield code="a">Dashzhamt︠s︡, D.</subfield>
    <subfield code="q">(Dulamyn),</subfield>
    <subfield code="d">1930-</subfield>
  </datafield>
  <datafield tag="400" ind1="0" ind2=" ">
    <subfield code="a">Dulamyn Dashzhamt︠s︡,</subfield>
    <subfield code="d">1930-</subfield>
  </datafield>
  <datafield tag="400" ind1="0" ind2=" ">
    <subfield code="a">Дашжамц, Д.</subfield>
    <subfield code="q">(Дуламын),</subfield>
    <subfield code="d">1930-</subfield>
  </datafield>
  <datafield tag="400" ind1="0" ind2=" ">
    <subfield code="a">Дашжамц, Дуламын,</subfield>
    <subfield code="d">1930-</subfield>
  </datafield>
  <datafield tag="400" ind1="0" ind2=" ">
    <subfield code="a">Дуламын Дашжамц,</subfield>
    <subfield code="d">1930-</subfield>
  </datafield>
  <datafield tag="667" ind1=" " ind2=" ">
    <subfield code="a">Non-Latin script references not evaluated.</subfield>
  </datafield>
  <datafield tag="667" ind1=" " ind2=" ">
    <subfield code="a">substitute</subfield>
  </datafield>
  <datafield tag="670" ind1=" " ind2=" ">
    <subfield code="a">Rasprostranenie i utverzhdenie ideĭ marksizma-leninizma v Mongolii, 1978:</subfield>
    <subfield code="b">t.p. (D. Dashzhamt︠s︡) verso t.p. (Dulamyn Dashzhamt︠s︡)</subfield>
  </datafield>
  <datafield tag="670" ind1=" " ind2=" ">
    <subfield code="a">BNMAU-d su̇m khiĭd, lam naryn asuudlyg shiĭdvėrlėsėn nʹ, 1965:</subfield>
    <subfield code="b">t.p. (D. Dashzhamt︠s︡)</subfield>
  </datafield>
  <datafield tag="670" ind1=" " ind2=" ">
    <subfield code="a">Khan Khėntiĭn tovchoon, 2003</subfield>
    <subfield code="b">(Дашжамц Дуламын = Dashzhamt︠s︡ Dulamyn; b. 1930, Khėntiĭ Aĭmag, Idėrmėg Sum; doctorate, philosophy, 1971; professor; has written on Mongolian history and philosophy)</subfield>
  </datafield>
</record>